@comment{Abbveviations}

@comment{authors, editors, and translators}
@string{attridge = {Attridge, Harold W.}}
@string{bagnall = {Bagnall, Roger S.}}
@string{beyer = {Beyer, Hermann W.}}
@string{black = {Black, J. Sutherland}}
@string{blass = {Blass, Friedrich}}
@string{blenkinsopp = {Blenkinsopp, Joseph}}
@string{boers = {Boers, Hendrikus}}
@string{bromiley = {Bromiley, Geoffrey W.}}
@string{brown = {Brown, Colin}}
@string{buchanan = {Buchanan, Neil}}
@string{buttrick = {Buttrick, George A.}}
@string{clarke = {Clarke, Andrew D.}}
@string{crenshaw = {Crenshaw, James L.}}
@string{dahn = {Dahn, Karl}}
@string{dahood = {Dahood, Mitchell}}
@string{dean = {Dean, Margaret}}
@string{debrunner = {Debrunner, Albert}}
@string{deissmann = {Deissmann, Gustav Adolf}}
@string{donaldson = {Donaldson, James}}
@string{egger = {Egger, Wilhelm}}
@string{enzies = {Enzies, Allan}}
@string{ernest = {Ernest, James D.}}
@string{feuillet = {Feuillet, André}}
@string{freedman = {Freedman, David Noel}}
@string{friedrich = {Friedrich, Gerhard}}
@string{gerhardsson = {Gerhardsson, Birger}}
@string{harnack = {Harnack, Adolf}}
@string{harrison = {Harrison, James R.}}
@string{heinegg = {Heinegg, Peter}}
@string{hofius = {Hofius, Otfried}}
@string{hooker = {Hooker, Morna}}
@string{irvine = {Irvine, Stuart A.}}
@string{jeremias = {Jeremias, Joachim}}
@string{kaltner = {Kaltner, John}}
@string{kaufman = {Kaufman, Stephen}}
@string{keck = {Keck, Leander E.}}
@string{killebrew = {Killebrew, Ann E.}}
@string{kittel = {Kittel, Gerhard}}
@string{kirk = {Kirk, Alan}}
@string{klosinski = {Klosinski, Lee E.}}
@string{koester = {Koester, Helmut}}
@string{kottsieper = {Kottsieper, Ingo}}
@string{kraft = {Kraft, Robert A.}}
@string{lazar = {LaZar, Frances}}
@string{liefeld = {Liefeld, Walter L.}}
@string{leyerle = {Leyerle, Blake}}
@string{mason = {Mason, Steve}}
@string{macdonald = {MacDonald, D.}}
@string{mckenzie = {McKenzie, Steven L.}}
@string{miller = {Miller, Patrick D.}}
@string{mills = {Mills, Watson E.}}
@string{nickelsburg = {Nickelsburg, George W. E.}}
@string{niditch = {Niditch, Susan}}
@string{oates = {Oates, John F.}}
@string{partain = {Partain, Jack G.}}
@string{pelikan = {Pelikan, Jaroslav}}
@string{perdue = {Perdue, Leo G.}}
@string{petersen = {Petersen, David L.}}
@string{peterson = {Peterson, David}}
@string{pisi = {Pisi, Giordana}}
@string{pritchard = {Pritchard, James B.}}
@string{rehkopf = {Rehkopf, Friedrich}}
@string{reventlow = {Reventlow, Henning Graf}}
@string{robert = {Robert, André}}
@string{roberts = {Roberts, Alexander}}
@string{robinson = {Robinson, James M.}}
@string{sæbø = {Sæbø, Magne}}
@string{saldarini = {Saldarini, Anthony J.}}
@string{schaff = {Schaff, Philip}}
@string{schillebeeckx = {Schillebeeckx, Edward}}
@string{schreiter = {Schreiter, Robert J.}}
@string{scott = {Scott, Bernard Brandon}}
@string{smith = {Smith, W. Robertson}}
@string{sparks = {Sparks, Kristen}}
@string{spicq = {Spicq, Ceslas}}
@string{springer = {Springer, Carl P. E.}}
@string{steiner = {Steiner, Margreet}}
@string{stendahl = {Stendahl, Krister}}
@string{strachan = {Strachan, Lionel R. M.}}
@string{talbert = {Talbert, Charles H.}}
@string{teeple = {Teeple, Howard M.}}
@string{tigay = {Tigay, Jeffrey H.}}
@string{truehart = {Truehart, Charles}}
@string{vanseters = {Van Seters, John}}
@string{welborn = {Welborn, L. L.}}
@string{wellhausen = {Wellhausen, Julius}}
@string{wildberger = {Wildberger, Hans}}
@string{wilhelm = {Wilhelm, Gernot}}
@string{willis = {Willis, William H.}}
@string{winter = {Winter, Bruce W.}}
@string{wright = {Wright, Jacob L.}}
@string{worp = {Worp, Klass A.}}

@comment{Commentaries}
@string{AB = {Anchor Bible}}
@string{BNTC = {Black's New Testament Commentaries}}
@string{NIB = {New Interpreter's Bible}}
@string{NIBCOT = {New International Biblical Commentary on the Old Testament}}

@comment{Journals and Magazines}
@string{atlanticmonthly = {Atlantic Monthly}}
@string{BAR = {Biblical Archeology Review}}
@string{BASPSup = {Bulletin of the American Society of Papyrologists, Supplements}}
@string{CRBR = {Critical Review of Books in Religion}}
@string{JBL = {Journal of Biblical Literature}}
@string{JBR = {Journal of Bible and Religion}}
@string{JDT = {Jahrbuch für deutsche Theologie}}
@string{JECS = {Journal of Early Christian Studies}}
@string{TZ = {Theologische Zeitschrift}}
@string{VC = {Vigiliae Christianae}}

@comment{Series}
@string{AS = {Assyriological Studies}}
@string{ASNU = {Acta seminarii neotestamentici upsaliensis}}
@string{RBS = {Resources for Biblical Study}}
@string{SBLSP = {Society of Biblical Literature Seminar Papers}}
@string{SBT = {Studies in Biblical Theology}}
@string{WGRWSup = {Writings from the Greco-Roman World Supplement Series}}
@string{WUNT = {Wissenschaftliche Untersuchungen zum Neuen Testament}}

@comment{Publishers}
@string{abingdon = {Abingdon}}
@string{allenson = {Allenson}}
@string{asp = {American Society of Papyrologists}}
@string{acblack = {Adam \& Charles Black}}
@string{cup = {Cambridge University Press}}
@string{crossroad = {Crossroad}}
@string{doubleday = {Doubleday}}
@string{eisenbrauns = {Eisenbrauns}}
@string{eerdmans = {Eerdmans}}
@string{fortress = {Fortress}}
@string{gleerup = {Gleerup}}
@string{hendrickson = {Hendrickson}}
@string{mohrsiebeck = {Mohr Siebeck}}
@string{littlebrown = {Little, Brown}}
@string{meridian = {Meridian Books}}
@string{munksgaard = {Munksgaard}}
@string{mup = {Mercer University Press}}
@string{oiuc = {The Oriental Institute of the University of Chicago}}
@string{oup = {Oxford University Press}}
@string{paideia = {Paideia}}
@string{pup = {Princeton University Press}}
@string{reimer = {G. Reimer}}
@string{harpersanfrancisco = {HarperSanFrancisco}}
@string{scholars = {Scholars Press}}
@string{sbl = {Society of Biblical Literature}}
@string{sblpress = {SBL Press}}
@string{ttclark = {T\&T Clark}}
@string{upp = {University of Pennsylvania Press}}
@string{vandr = {Vandenhoaeck \& Ruprecht}}
@string{wjk = {Westminster John Knox}}
@string{yup = {Yale University Press}}
@string{zondervan = {Zondervan}}

@comment{Addresses}
@string{atlanta = {Atlanta}}
@string{berlin = {Berlin}}
@string{boston = {Boston}}
@string{brescia = {Brescia}}
@string{cambridge = {Cambridge}}
@string{chicago = {Chicago}}
@string{chico = {Chico, CA}}
@string{copenhagen = {Copenhagen}}
@string{edinburgh = {Edinburgh}}
@string{gardencity = {Garden City, NY}}
@string{göttingen = {Göttingen}}
@string{grandrapids = {Grand Rapids}}
@string{louisville = {Louisville}}
@string{lund = {Lund}}
@string{macon = {Macon, GA}}
@string{naperville = {Naperville, IL}}
@string{nashville = {Nashville}}
@string{newhavan = {New Havan}}
@string{newyork = {New York}}
@string{oakville = {Oakville, CT}}
@string{oxford = {Oxford}}
@string{peabody = {Peabody, MA}}
@string{philadelphia = {Philadelphia}}
@string{princeton = {Princeton}}
@string{sanfrancisco = {San Francisco}}
@string{tübingen = {Tübingen}}
@string{winonalake = {Winona Lake, IN}}
@string{worcester = {Worcester, MA}}

@comment{Schools}
@string{claremont = {The Claremont Graduate School}}

@comment{Ebook Editions}
@string{kindle = {Kindle}}
@string{nook = {Nook}}

@comment{References}

@book{talbert:1992,
  author = talbert,
  title = {Reading John: A Literary and Theological Commentary on the Fourth Gospel and the Johannine Epistles},
  location = newyork,
  publisher = crossroad,
  date = {1992}
}

@book{robinson+koester:1971,
  author = robinson # " and " # koester,
  title = {Trajectories through Early Christianity},
  location = philadelphia,
  publisher = fortress,
  date = {1971}
}

@book{scott+etal:1993,
  author = scott # " and " # dean # " and " # sparks # " and " # lazar,
  title = {Reading New Testament Greek},
  location = peabody,
  publisher = hendrickson,
  date = {1993}
}

@book{egger:1996,
  author = egger,
  title = {How to Read the New Testament: An Introduction to Linguistic and Historical-Critical Methodology},
  shorttitle = {How to Read},
  translator = heinegg,
  location = peabody,
  publisher = hendrickson,
  date = {1996}
}

@book{wellhausen:1883,
  author = wellhausen,
  title = {Prolegomena zur Geschichte Israels},
  edition = {2},
  location = berlin,
  publisher = reimer,
  date = {1883}
}

@book{wellhausen:1885,
  author = wellhausen,
  title = {Prolegomena to the History of Israel},
  translator = black # " and " # enzies,
  preface = smith,
  location = edinburgh,
  publisher = acblack,
  related = {wellhausen:1883},
  relatedtype = {translationof},
  date = {1885}
}

@book{wellhausen:1957,
  author = wellhausen,
  title = {Prolegomena to the History of Ancient Israel},
  location = newyork,
  publisher = meridian,
  related = {wellhausen:1885},
  relatedtype = {reprintof},
  date = {1957}
}

@book{tigay:1985,
  editor = tigay,
  title = {Empirical Models for Biblical Criticism},
  shorttitle = {Empiracle Models},
  location = philadelphia,
  publisher = upp,
  date = {1985}
}

@book{kaltner+mckenzie:2002,
  editor = kaltner # " and " # mckenzie,
  title = {Beyond Babel: A Handbook for Biblical Hebrew and Related Languages},
  series = RBS,
  shortseries = {RBS},
  number = {42},
  location = atlanta,
  publisher = sbl,
  date = {2002}
}

@book{oates+etal:2001,
  editor = oates # " and " # willis # " and " # bagnall # " and " # worp,
  title = {Checklist of Editions of Greek and Latin Papyri, Ostraca, and Tablets},
  edition = {5},
  series = BASPSup,
  shortseries = {BASPSup},
  number = {9},
  location = oakville,
  publisher = asp,
  date = {2001}
}

@book{schillebeeckx:1986,
  author = schillebeeckx,
  title = {The Schillebeeckx Reader},
  editor = schreiter,
  location = edinburgh,
  publisher = ttclark,
  date = {1986}
}

@book{blass+debrunner:1982,
  author = blass # " and " # debrunner,
  title = {Grammatica del greco del Nuovo Testamento},
  editor = rehkopf,
  translator = pisi,
  location = brescia,
  publisher = paideia,
  date = {1982}
}

@article{irvine:2014,
  author = irvine,
  title = {Idols [\emph{ktbwnm}]: A note on Hosea 13:2a},
  journaltitle = JBL,
  shortjournal = {JBL},
  volume = {133},
  date = {2014},
  pages = {509-517}
}

@incollection{attridge:1986,
  author = attridge,
  title = {Jewish Historiography},
  pages = {311-343},
  booktitle = {Early Judaism and Its Modern Interpreters},
  editor = kraft # " and " # nickelsburg,
  publisher = philadelphia # ": " # fortress # "; " # atlanta # ": " # scholars,
  date = {1986}
}

@incollection{vanseters:1995,
  author = vanseters,
  title = {The Theology of the Yahwist: A Preliminary Sketch},
  shorttitle = {Theology of the Yahwist},
  pages = {219-228},
  booktitle = {“Wer ist wie du, Herr, unter den Göttern?”: Studien zur Theologie und Religionsgeschichte Israels für Otto Kaiser zum 70. Geburtstag},
  editor = kottsieper # " and others",
  location = göttingen,
  publisher = vandr,
  date = {1995}
}

@suppbook{boers:1996,
  author = boers,
  type = {introduction},
  booktitle = {How to Read the New Testament: An Introduction to Linguistic and Historical-Critical Methodology},
  bookauthor = egger,
  translator = heinegg,
  location = peabody,
  publisher = hendrickson,
  date = {1996}
}

@book{gerhardsson:1961,
  author = gerhardsson,
  title = {Memory and Manuscript: Oral Tradition and Written Transmission in Rabbinic Judaism and Early Christianity},
  series = ASNU,
  shortseries = {ASNU},
  number = {22},
  publisher = lund # ": " # gleerup # "; " # copenhagen # ": " # munksgaard,
  date = {1961}
}

@book{pritchard:1969,
  editor = pritchard,
  title = {Ancient Near Eastern Texts Relating to the Old Testament},
  edition = {3},
  location = princeton,
  publisher = pup,
  date = {1969}
}

@book{blenkinsopp:1996,
  author = blenkinsopp,
  title = {A History of Prophecy in Israel},
  edition = {\autocap{r}ev.\ and enl.\ ed.},
  location = louisville,
  publisher = wjk,
  date = {1996}
} 

@book{vanseters:1997,
  author = vanseters,
  title = {In Search of History: Histeriography in the Ancient World and the Origins of Biblical History},
  origlocation = newhavan,
  origpublisher = yup,
  origdate = {1983},
  location = winonalake,
  publisher = eisenbrauns,
  date = {1997}
}

@book{deissmann:1995,
  author = deissmann,
  title = {Light from the Ancient East: The New Testament Illustrated by Recently Discovered Texts of the Graeco-Roman World},
  origtranslator = strachan,
  origdate = {1927},
  location = peabody,
  publisher = hendrickson,
  date = {1955}
}

@book{harrison+welborn:forthcoming,
  editor = harrison # " and " # welborn,
  title = {The First Urban Churches 2: Roman Corinth},
  shorttitle = {Roman Corinth},
  series = WGRWSup,
  shortseries = {WGRWSup},
  location = atlanta,
  publisher = sblpress,
  pubstate = {forthcoming}
}

@mvbook{harnack:1896-1905,
  author = harnack,
  title = {History of Dogma},
  translator = buchanan,
  origlanguage = {the 3rd German ed.},
  volumes = {7},
  location = boston,
  publisher = littlebrown,
  date = {1896/1905}
}

@collection{winter+clarke:1993,
  editor = winter # " and " # clarke,
  title = {The Book of Acts in Its Ancient Literary Setting},
  shorttitle = {Book of Acts},
  volume = {1},
  maintitle = {The Book of Acts in Its First Century Setting},
  maineditor = winter,
  location = grandrapids,
  publisher = eerdmans,
  date = {1993}
}

@incollection{mason:1996,
  author = mason,
  title = {Josephus on Canon and Scriptures},
  pages = {217-235},
  volume = {1},
  part = {1},
  maintitle = {Hebrew Bible\slash Old Testament: The History of Its Interpretation},
  editor = sæbø,
  location = göttingen,
  publisher = vandr,
  date = {1996}
}

@incollection{peterson:1993,
  author = peterson,
  title = {The Motif of Fulfilment and the Purpose of Luke-Acts},
  shorttitle = {Motif of Fulfilment},
  pages = {83-104},
  booktitle = {The Book of Acts in Its Ancient Literary Setting},
  bookeditor = winter # " and " # clarke,
  volume = {1},
  maintitle = {The Book of Acts in Its First Century Setting},
  maineditor = winter,
  location = grandrapids,
  publisher = eerdmans,
  date = {1993}
}

@book{hofius:1989,
  author = hofius,
  title = {Paulusstudien},
  series = WUNT,
  shortseries = {WUNT},
  number = {51},
  location = tübingen,
  publisher = mohrsiebeck,
  date = {1989}
}

@book{jeremias:1967,
  author = jeremias,
  title = {The Prayers of Jesus},
  shorttitle = {Prayers},
  series = SBT,
  shortseries = {SBT},
  seriesseries = {2},
  number = {6},
  location = naperville,
  publisher = allenson,
  date = {1967}
}

@book{reventlow:2009,
  author = reventlow,
  title = {From the Old Testament to Origen},
  volume = {1},
  maintitle = {History of Biblical Interpretation},
  maintranslator = perdue,
  location = atlanta,
  publisher = sbl,
  date = 2009,
  eprint = nook,
  eprinttype = {ebook}
}

@book{wright:2014,
  author = wright,
  title = {David, King of Israel, and Caleb in Biblical Memory},
  shorttitle = {David, King of Israel},
  location = cambridge,
  publisher = cup,
  date = {2014},
  eprint = kindle,
  eprinttype = {ebook}
}

@book{killebrew+steiner:2014,
  editor = killebrew # " and " # steiner,
  title = {The Oxford Handbook of the Archaeology of the Levant: c.~8000–332 BCE},
  shorttitle = {Archaeology of the Levant},
  location = oxford,
  publisher = oup,
  date = {2014},
  doi = {10.1093/oxfordhb/9780199212972.001.0001}
}

@book{kaufman:1974,
  author = kaufman,
  title = {The Akkadian Influences on Aramaic},
  series = AS,
  shortseries = {AS},
  number = {19},
  location = chicago,
  publisher = oiuc,
  date = {1974},
  url = {http://oi.uchicago.edu/pdf/as19.pdf}
}

@article{leyerle:1993,
  author = leyerle,
  title = {John Chrysostom on the Gaze},
  shorttitle = {Chrysostom},
  journaltitle = JECS,
  shortjournal = {JECS},
  volume = {1},
  date = {1993},
  pages = {159-174}
}

@article{wildberger:1965,
  author = wildberger,
  title = {Das Abbild Gottes: Gen 1:26–30},
  journaltitle = TZ,
  shortjournal = {TZ},
  volume = {21},
  date = {1965},
  pages = {245-259, 481-501}
}

@article{wellhausen:1876-1877,
  author = wellhausen,
  title = {Die Composition des Hexateuchs},
  journaltitle = JDT,
  shortjournal = {JDT},
  volume = {21 (1876): 392–450; 22},
  date = {1877},
  pages = {407-479}
}

@article{freedman:1977,
  author = freedman,
  title = {Pottery, Poetry, and Prophecy: An Essay on Biblical Poetry},
  journaltitle = JBL,
  shortjournal = {JBL},
  volume = {96},
  date = {1977},
  pages = {5-26}
}

@incollection{freedman:1980,
  author = freedman,
  title = {Pottery, Poetry, and Prophecy: An Essay on Biblical Poetry},
  booktitle = {Pottery, Poetry, and Prophecy: Studies in Early Hebrew Poetry},
  location = winonalake,
  publisher = eisenbrauns,
  date = {1980},
  pages = {1-22}
}

@review{teeple:1966,
  author = teeple,
  revdauthor = robert # " and " # feuillet,
  revdtitle = {Introduction to the New Testament},
  journaltitle = JBR,
  shortjournal = {JBR},
  volume = {34},
  date = {1966},
  pages = {368-370}
}

@review{pelikan:1992,
  author = pelikan,
  title = {The Things That You're Liable to Read in the Bible},
  shorttitle = {Things That You're Liable to Read},
  revdeditor = freedman,
  revdtitle = {The Anchor Bible Dictionary},
  journaltitle = {New York Times Review of Books},
  date = {1992-12-20},
  pages = {3}
}

@article{petersen:1988,
  author = petersen,
  title = {Hebrew Bible Textbooks},
  subtitle = {A Review Article},
  journaltitle = CRBR,
  shortjournal = {CRBR},
  volume = {1},
  date = {1988},
  pages = {1-18}
}

@thesis{klosinski:1988,
  author = klosinski,
  title = {Meals in Mark},
  type = {phdthesis},
  institution = claremont,
  date = {1988}
}

@mvreference{IDB,
  editor = buttrick,
  title = {The Interpreter's Dictionary of the Bible},
  shorttitle = {IDB},
  volumes = {4},
  location = newyork,
  publisher = abingdon,
  date = {1962}
}

@inreference{stendahl:1962,
  author = stendahl,
  title = {Biblical Theology, Contemporary},
  shorttitle = {Biblical Theology},
  volume = {1},
  pages = {418-432},
  sblxref = {IDB}
}

@mvlexicon{NIDNTT,
  editor = brown,
  title = {New International Dictionary of New Testament Theology},
  shorttitle = {NIDNTT},
  volumes = {4},
  location = grandrapids,
  publisher = zondervan,
  date = {1975/1985}
}

@inlexicon{dahn+liefeld:see+vision+eye,
  author = dahn # " and " # liefeld,
  title = {See, Vision, Eye},
  volume = {3},
  pages = {511-521},
  sblxref = {NIDNTT}
}

@mvlexicon{TDNT,
  editor = kittel # " and " # friedrich,
  title = {Theological Dictionary of the New Testament},
  shorttitle = {TDNT},
  translator = bromiley,
  volumes = {10},
  location = grandrapids,
  publisher = eerdmans,
  date = {1964/1976}
}

@inlexicon{beyer:diakoneo+diakonia+ktl,
  author = beyer,
  title = {\gr{διακονέω, διακονία, κτλ}},
  volume = {2},
  pages = {81-93},
  sblxref = {TDNT}
}

@mvlexicon{TLNT,
  author = spicq,
  title = {Theological Lexicon of the New Testament},
  shorttitle = {TLNT},
  editor = ernest,
  translator = ernest,
  volumes = {3},
  location = peabody,
  publisher = hendrickson,
  date = {1994}
}

@inlexicon{spicq:atakteo+ataktos+ataktos,
  author = spicq,
  title = {\gr{ἀτακτέω, ἄτακτος, ἀτάκτως}},
  volume = {1},
  pages = {223-224},
  sblxref = {TLNT}
}

@inlexicon{spicq:amoibe,
  author = spicq,
  title = {\gr{ἀμοιβή}},
  volume = {1},
  pages = {95-96},
  sblxref = {TLNT}
}

@inlexicon{beyer:diakoneo,
  author = beyer,
  title = {\gr{διακονέω}},
  volume = {2},
  pages = {81-87},
  sblxref = {TDNT}
}

@inlexicon{dahn:horao,
  author = dahn,
  title = {\gr{ὁράω}},
  volume = {3},
  pages = {511-518},
  sblxref = {NIDNTT}
}

@inproceedings{niditch:1994,
  author = niditch,
  title = {Oral Culture and Written Documents},
  shorttitle = {Oral Culture},
  type = {presentedpaper},
  eventtitle = {the Annual Meeting of the New England Region of the SBL},
  location = worcester,
  date = {1994-03-25}
}

@article{saldarini:1998,
  author = saldarini,
  title = {Babatha's Story},
  journaltitle = BAR,
  shortjournal = {BAR},
  volume = {24},
  number = {2},
  date = {1998},
  pages = {23-33, 36-37, 72-74}
}

@article{springer:2014,
  author = springer,
  title = {Of Roosers and \emph{Repetitio}: Ambrose’s \emph{Aeterne rerum conditor}},
  journaltitle = VC,
  shortjournal = {VC},
  volume = {68},
  date = {2014},
  pages = {155-177},
  doi = {10.1163/15700720-12341158}
}

@article{truehart:1996,
  author = truehart,
  title = {Welcome to the Next Church},
  shorttitle = {Next Church},
  url = {http://www.theatlantic.com/atlantic/issues/96aug/nxtchrch/nxtchrch.htm},
  journaltitle = atlanticmonthly,
  volume = {278},
  date = {1996-08},
  pages = {37-58}
}

@article{kirk:2007,
  author = kirk,
  title = {Karl Polanyi, Marshall Sahlins, and the Study of Ancient Social Relations},
  shorttitle = {Karl Polanyi},
  journaltitle = JBL,
  shortjournal = {JBL},
  volume = {126},
  date = {2007},
  pages = {182-191},
  doi = {10.2307/27638428},
  url = {http://www.jstor.org/stable/27638428}
}

@commentary{hooker:1991,
  author = hooker,
  title = {The Gospel according to Saint Mark},
  series = BNTC,
  shortseries = {BNTC},
  number = {2},
  location = peabody,
  publisher = hendrickson,
  date = {1991}
}

@inbook{petersen:2006,
  author = petersen,
  title = {Ezekiel},
  pages = {1096-1167},
  booktitle = {The HarperCollins Study Bible Fully Revised and Updated: New Revised Standard Version, with the Apocryphal\slash Deuterocanonical Books},
  editor = attridge # " and others",
  location = sanfrancisco,
  publisher = harpersanfrancisco,
  date = {2006}
}

@incommentary{partain:1995,
  author = partain,
  title = {Numbers},
  pages = {175-179},
  booktitle = {Mercer Commentary on the Bible},
  editor = mills # " and others",
  location = macon,
  publisher = mup,
  date = {1995}
}

@mvcommentary{dahood:1965-1970,
  author = dahood,
  title = {Psalms},
  volumes = {3},
  series = AB,
  shortseries = {AB},
  number = {16--17A},
  location = gardencity,
  publisher = doubleday,
  date = {1965/1970}
}

@commentary{dahood:1965,
  author = dahood,
  title = {Psalms I: 1--50},
  shorttitle = {Psalms I: 1--50},
  volume = {2},
  maintitle = {Psalms},
  series = AB,
  shortseries = {AB},
  number = {16},
  location = gardencity,
  publisher = doubleday,
  year = {1965}
}

@commentary{dahood:1968,
  author = dahood,
  title = {Psalms II: 51--100},
  shorttitle = {Psalms II: 51--100},
  volume = {2},
  maintitle = {Psalms},
  series = AB,
  shortseries = {AB},
  number = {17},
  location = gardencity,
  publisher = doubleday,
  year = {1968}
}

@incommentary{miller:2001,
  author = miller,
  title = {The Book of Jeremiah: Introduction, Commentary, and Reflections},
  pages = {553-926},
  booktitle = {Introduction to Prophetic Literature, Isaiah, Jeremiah, Baruch, Letter of Jeremiah, Lamentations, Ezekiel},
  volume = {6},
  maintitle = NIB,
  shortmaintitle = {NIB},
  maineditor = keck,
  location = nashville,
  publisher = abingdon,
  date = {2001}
}

@seminarpaper{crenshaw:2001,
  author = crenshaw,
  title = {Theodicy in the Book of the Twelve},
  booktitle = {Society of Biblical Literature 2001 Seminar Papers},
  series = SBLSP,
  shortseries = {SBLSP},
  number = {40},
  location = atlanta,
  publisher = sbl,
  date = {2001},
  pages = {1-18}
}

@article{wilhelm:2013,
  editor = wilhelm,
  title = {Der Vertrag Šuppiluliumas I. von Ḫatti mit Šattiwazza von Mitrani (CTH 51.I)},
  shorttitle = {Der Vertrag Šuppiluliumas I},
  releasedate = {2013-02-24},
  eprint = {doi:hethiter.net/: CTH 51.I (INTR 2013-02-24)},
  eprinttype = {literal}
}

@article{cobb:figurines,
  author = {{Cobb Institute of Archaeology}},
  title = {The Figurines of Maresha, the Persian Era},
  eprint = {http://www.cobb.msstate.edu/dignew/Maresha/index.html},
  eprinttype = {DigMaster}
}

@article{100cuneiform,
  title = {The One Hundred Most Important Cuneiform Objects},
  eprint = {http://cdli.ox.ac.uk/wiki/doku.php?id=the_one_hundred_most_important_
cuneiform_objects},
  eprinttype = {cdli:wiki}
}

